@article{complexity,
    author = "Cooper T.B., Kingston J.H.",
    title = "The Complexity of Timetable Construction Problems.",
    journal = "Pracite and Theory of Automated Timetabling",
    year = "1995",
    DOI = "https://doi.org/10.1007/3-540-61794-9_66",
    keywords = "Timetable, Algorithm, Complexity"
}

@article {appleby,
	author = "J. S. Appleby; D.V. Blake; E. A. Newman",
	title = "Techniques for Producing School Timetables on a Computer and their Application to other Scheduling Problems",
	year = "1961",
	journal = {The Computer Journal},
	volume = {3},
    number = {4},
    pages = {237-245},
    year = {1961},
    month = {01},
    abstract = "{This paper describes a method by which a timetable for a medium-sized school can be produced on a general-purpose digital computer in about 1½ hours. The techniques used and time taken by human beings and the computer program are compared. The use of this work in other scheduling problems is briefly described.}",
    issn = {0010-4620},
    doi = {10.1093/comjnl/3.4.237},
    url = {https://doi.org/10.1093/comjnl/3.4.237},
    eprint = {https://academic.oup.com/comjnl/article-pdf/3/4/237/1073987/030237.pdf},
}

@article{nikita,
	author = {Desai, Nikita},
	year = {2011},
	month = {06},
	pages = {461-465},
	title = {Preferences of teachers and Students for auto generation Of sensitive timetable: A case Study},
	volume = {2},
	journal = {Indian Journal of Computer Science and Engineering (IJCSE)}
}

@manual{publico,
	organization = {BRASIL, {Ministério do Planejamento}},
	title = {Portaria n° 64/2016},
	year = {28 de Setembro de 2016},
	abstract = {Dispõe sobre a disponibilização de Software Público Brasileiro e dá outras providências.},
	address = "Brasília",
	note = "Diário Oficial da União de 04 de outubro de 2016",
	number = {1},
	section = {1},
	page = {52}
}
